001  0000289
005  20181024175243.525
008  181024s||||     bl|||||||||||||||||por|u
020    $a8527301245
080    $21987$a008(81)(=45)
090    $a008(81)(=45)$bM386a
100 1  $aMartins, Leda Maria
245 10 $aAgrografias da memória $cLeda Maria Martins
260    $aBelo Horizonte$bEditora Mazzz$c1997
300    $a194 p.$bfot
490 0  $aColeção respectiva
650    $aCultura afro-brasileira 
650    $aJatobá
650    $aNossa Senhora do Rosário
650    $aReligião
650    $aOralidade
